
@inproceedings{de2015bipartite,
  title={Bipartite graph for topic extraction},
  author={de Paulo Faleiros, Thiago and de Andrade Lopes, Alneu},
  booktitle={Proceedings of the 24th International Conference on Artificial Intelligence},
  pages={4361--4362},
  year={2015},
  organization={AAAI Press}
}

@book{boyd2004convex,
  title={Convex optimization},
  author={Boyd, Stephen and Vandenberghe, Lieven},
  year={2004},
  publisher={Cambridge university press}
}

@article{yue1979new,
  title={A NEW REDUCED GRADIENT METHOD},
  author={Minyi, Yue and Jiye, Han},
  journal={Science China Mathematics},
  volume={22},
  number={10},
  pages={1109--1113},
  year={1979},
  publisher={Science China Press}
}

@article{kim2008nonnegative,
  title={Nonnegative matrix factorization based on alternating nonnegativity constrained least squares and active set method},
  author={Kim, Hyunsoo and Park, Haesun},
  journal={SIAM Journal on Matrix Analysis and Applications},
  volume={30},
  number={2},
  pages={713--730},
  year={2008},
  publisher={SIAM}
}

@article{moon1996expectation,
  title={The expectation-maximization algorithm},
  author={Moon, Tood K},
  journal={Signal processing magazine, IEEE},
  volume={13},
  number={6},
  pages={47--60},
  year={1996},
  publisher={IEEE}
}

@Book{bishop2006pattern,
  Title                    = {Pattern Recognition and Machine Learning},
  Author                   = {Bishop, Christopher M},
  Publisher                = {Springer},
  Year                     = {2006},

  Pages                    = {378--382},
}

@inproceedings{wetzker2008analyzing,
  title={Analyzing social bookmarking systems: A del. icio. us cookbook},
  author={Wetzker, Robert and Zimmermann, Carsten and Bauckhage, Christian},
  booktitle={Proceedings of the ECAI 2008 Mining Social Data Workshop},
  pages={26--30},
  year={2008}
}

@article{harper2015movielens,
  title={The MovieLens Datasets: History and Context},
  author={Harper, F Maxwell and Konstan, Joseph A},
  journal={ACM Transactions on Interactive Intelligent Systems (TiiS)},
  volume={5},
  number={4},
  pages={19},
  year={2015},
  publisher={ACM}
}

@inproceedings{brijs1999using,
  title={Using association rules for product assortment decisions: A case study},
  author={Brijs, Tom and Swinnen, Gilbert and Vanhoof, Koen and Wets, Geert},
  booktitle={Proceedings of the fifth ACM SIGKDD international conference on Knowledge discovery and data mining},
  pages={254--260},
  year={1999},
  organization={ACM}
}

@inproceedings{bell2007modeling,
  title={Modeling relationships at multiple scales to improve accuracy of large recommender systems},
  author={Bell, Robert and Koren, Yehuda and Volinsky, Chris},
  booktitle={Proceedings of the 13th ACM SIGKDD international conference on Knowledge discovery and data mining},
  pages={95--104},
  year={2007},
  organization={ACM}
}

@article{eddy2008probabilistic,
  title={A probabilistic model of local sequence alignment that simplifies statistical significance estimation},
  author={Eddy, Sean R},
  journal={PLoS Comput Biol},
  volume={4},
  number={5},
  pages={e1000069},
  year={2008},
  publisher={Public Library of Science}
}


@inproceedings{tang2012user,
  title={User Interest and Topic Detection for Personalized Recommendation},
  author={Tang, Xuning and Zhang, Mi and Yang, Christopher C},
  booktitle={Proceedings of the The 2012 IEEE/WIC/ACM International Joint Conferences on Web Intelligence and Intelligent Agent Technology-Volume 01},
  pages={442--446},
  year={2012},
  organization={IEEE Computer Society}
}

@article{blei2003latent,
  title={Latent dirichlet allocation},
  author={Blei, David M and Ng, Andrew Y and Jordan, Michael I},
  journal={the Journal of machine Learning research},
  volume={3},
  pages={993--1022},
  year={2003},
  publisher={JMLR. org}
}

@inproceedings{tang2008topic,
  title={A topic modeling approach and its integration into the random walk framework for academic search},
  author={Tang, Jie and Jin, Ruoming and Zhang, Jing},
  booktitle={Data Mining, 2008. ICDM'08. Eighth IEEE International Conference on},
  pages={1055--1060},
  year={2008},
  organization={IEEE}
}

@article{haveliwala2003topic,
  title={Topic-sensitive pagerank: A context-sensitive ranking algorithm for web search},
  author={Haveliwala, Taher H},
  journal={Knowledge and Data Engineering, IEEE Transactions on},
  volume={15},
  number={4},
  pages={784--796},
  year={2003},
  publisher={IEEE}
}

@inproceedings{de2015bipartite,
  title={Bipartite graph for topic extraction},
  author={de Paulo Faleiros, Thiago and de Andrade Lopes, Alneu},
  booktitle={Proceedings of the 24th International Conference on Artificial Intelligence},
  pages={4361--4362},
  year={2015},
  organization={AAAI Press}
}

@inproceedings{hofmann1999probabilistic,
  title={Probabilistic latent semantic indexing},
  author={Hofmann, Thomas},
  booktitle={Proceedings of the 22nd annual international ACM SIGIR conference on Research and development in information retrieval},
  pages={50--57},
  year={1999},
  organization={ACM}
}
@inproceedings{hofmann1999latent,
  title={Latent class models for collaborative filtering},
  author={Hofmann, Thomas and Puzicha, Jan},
  booktitle={IJCAI},
  volume={99},
  pages={688--693},
  year={1999}
}

@article{zhou2007bipartite,
  title={Bipartite network projection and personal recommendation},
  author={Zhou, Tao and Ren, Jie and Medo, Mat{\'u}{\v{s}} and Zhang, Yi-Cheng},
  journal={Physical Review E},
  volume={76},
  number={4},
  pages={046115},
  year={2007},
  publisher={APS}
}

@inproceedings{hu2007co,
  title={Co-Preserving Patterns in Bipartite Partitioning for Topic Identification.},
  author={Hu, Tianming and Xiong, Hui and Sung, Sam Yuan},
  booktitle={SDM},
  pages={509--514},
  year={2007},
  organization={SIAM}
}

@inproceedings{tang2012user,
  title={User Interest and Topic Detection for Personalized Recommendation},
  author={Tang, Xuning and Zhang, Mi and Yang, Christopher C},
  booktitle={Proceedings of the The 2012 IEEE/WIC/ACM International Joint Conferences on Web Intelligence and Intelligent Agent Technology-Volume 01},
  pages={442--446},
  year={2012},
  organization={IEEE Computer Society}
}

@article{blattner2007exploring,
  title={Exploring an opinion network for taste prediction: An empirical study},
  author={Blattner, Marcel and Zhang, Yi-Cheng and Maslov, Sergei},
  journal={Physica A: Statistical Mechanics and its Applications},
  volume={373},
  pages={753--758},
  year={2007},
  publisher={North-Holland}
}

@inproceedings{shen2012learning,
  title={Learning personal+ social latent factor model for social recommendation},
  author={Shen, Yelong and Jin, Ruoming},
  booktitle={Proceedings of the 18th ACM SIGKDD international conference on Knowledge discovery and data mining},
  pages={1303--1311},
  year={2012},
  organization={ACM}
}
